<?xml version="1.0" encoding="UTF-8"?><collection xmlns="http://www.loc.gov/MARC21/slim"><record><leader>00515nam--2200205-i-4500</leader><controlfield tag="001">000025236</controlfield><controlfield tag="002">20161230</controlfield><controlfield tag="005">20161230201035</controlfield><controlfield tag="008">060222s1000------------r-----000-0-ger-d</controlfield><datafield ind1=" " ind2=" " tag="020"><subfield code="a">3540104542</subfield></datafield><datafield ind1=" " ind2=" " tag="040"><subfield code="a">IFIN-HH</subfield></datafield><datafield ind1=" " ind2=" " tag="041"><subfield code="a">ger</subfield></datafield><datafield ind1=" " ind2=" " tag="080"><subfield code="a">538.9</subfield></datafield><datafield ind1="1" ind2=" " tag="100"><subfield code="a">Ibach, H</subfield></datafield><datafield ind1="1" ind2="0" tag="245"><subfield code="a">Festkorperphysik. eine einfuhrung in die grundlagen</subfield><subfield code="c">H. ibach, h. luth</subfield></datafield><datafield ind1=" " ind2=" " tag="260"><subfield code="a">Berlin</subfield><subfield code="b">Springer-verlag</subfield><subfield code="c">1981</subfield></datafield><datafield ind1=" " ind2=" " tag="300"><subfield code="a">IX+238P</subfield></datafield><datafield ind1="1" ind2=" " tag="700"><subfield code="a">Luth, H</subfield></datafield><datafield ind1=" " ind2=" " tag="852"><subfield code="a">49160</subfield><subfield code="c">539.2</subfield></datafield><datafield ind1=" " ind2=" " tag="CAT"><subfield code="a">Sys</subfield><subfield code="c">20121031</subfield><subfield code="h">174224</subfield></datafield></record></collection>